@article{vol,
	title={Who Benefits More From Volunteering and Why?},
	author={Fatima, N.},
	journal={Gerontologist},
	volume={347},
	number={50},
	year={2010},
}

@article{volwebsite,
  title={Node at Linkedin: The Pursuit of Thinner, Lighter, Faster.},
  author={Prasad and Kiran and others},
  journal={Communications of the ACM},
  volume={57},
number={2},
pages={44-51},
year={2014},
DOI={10.1145/2556647.2556656.},
}

