<<<<<<< HEAD
@misc{bls,
	title={volunteering in the united states—2015 - Bureau of Labor Statistics},
	author={Bureau of Labor Statistics},
	url={https://www.bls.gov/news.release/pdf/volun.pdf},
	urldate={2018-01-15},
	originalyear={2016},
}

@misc{volwebsite,
  title={3 Websites to Help you Find Volunteer Opportunities},
  author={Goldford, J.},
  url={https://wiredimpact.com/blog/websites-to-help-you-find-volunteer-opportunities/},
  urldate={2018-01-15},
originalyear={2011},
}

=======
@misc{bls,
	title={volunteering in the united states—2015 - Bureau of Labor Statistics},
	author={Bureau of Labor Statistics},
	url={https://www.bls.gov/news.release/pdf/volun.pdf},
	urldate={2018-01-15},
	originalyear={2016},
}

@misc{volwebsite,
  title={3 Websites to Help you Find Volunteer Opportunities},
  author={Goldford, J.},
  url={https://wiredimpact.com/blog/websites-to-help-you-find-volunteer-opportunities/},
  urldate={2018-01-15},
originalyear={2011},
}

>>>>>>> fcc9467ea89933ca68ddd34eee73ec9de79a333a
